<record><leader>00000cas a2200000 a 4500</leader><controlfield tag="001">10536953</controlfield><controlfield tag="008">840319d18721876ksuwr ne      0   a0eng d</controlfield><datafield ind1=" " ind2=" " tag="010"><subfield code="a">sn 83040597 </subfield></datafield><datafield ind1=" " ind2=" " tag="040"><subfield code="a">KSH</subfield><subfield code="b">eng</subfield><subfield code="c">KSH</subfield><subfield code="d">NPT</subfield><subfield code="d">OCL</subfield><subfield code="d">NVF</subfield><subfield code="d">OCL</subfield><subfield code="d">OCLCQ</subfield></datafield><datafield ind1=" " ind2=" " tag="019"><subfield code="a">10536787</subfield><subfield code="a">10540759</subfield></datafield><datafield ind1=" " ind2=" " tag="042"><subfield code="a">msc</subfield></datafield><datafield ind1=" " ind2=" " tag="043"><subfield code="a">n-us-ks</subfield></datafield><datafield ind1="0" ind2="0" tag="245"><subfield code="a">Baxter Springs republican.</subfield></datafield><datafield ind1="1" ind2="3" tag="246"><subfield code="a">Baxter republican</subfield><subfield code="f">Oct. 11-25, 1876</subfield></datafield><datafield ind1="1" ind2="3" tag="246"><subfield code="a">Republican</subfield><subfield code="f">Oct. 28-Nov. 4, 1876</subfield></datafield><datafield ind1=" " ind2=" " tag="260"><subfield code="a">Baxter Springs, Kan. :</subfield><subfield code="b">A.J.R. Smith,</subfield><subfield code="c">-1876.</subfield></datafield><datafield ind1=" " ind2=" " tag="300"><subfield code="a">v. ;</subfield><subfield code="c">65 cm.</subfield></datafield><datafield ind1=" " ind2=" " tag="310"><subfield code="a">Semiweekly,</subfield><subfield code="b">Oct. 11-Nov. 4, 1876</subfield></datafield><datafield ind1=" " ind2=" " tag="321"><subfield code="a">Weekly,</subfield><subfield code="b">&lt;June 2&gt;-Oct. 6, 1876</subfield></datafield><datafield ind1="1" ind2=" " tag="362"><subfield code="a">Began in 1872.</subfield><subfield code="z">Cf. Rowell, 1873.</subfield></datafield><datafield ind1="0" ind2=" " tag="362"><subfield code="a">-v. 5, no. 14 (Nov. 4, 1876).</subfield></datafield><datafield ind1=" " ind2=" " tag="500"><subfield code="a">Published in Columbus, Kan., Oct. 28-Nov. 4, 1876.</subfield></datafield><datafield ind1=" " ind2=" " tag="515"><subfield code="a">Numbering is irregular.</subfield></datafield><datafield ind1=" " ind2=" " tag="530"><subfield code="a">Available on microfilm from Micro Photo.</subfield></datafield><datafield ind1=" " ind2=" " tag="588"><subfield code="a">Description based on: Vol. 4, no. 44 (June 2, 1876).</subfield></datafield><datafield ind1=" " ind2=" " tag="752"><subfield code="a">United States</subfield><subfield code="b">Kansas</subfield><subfield code="c">Cherokee</subfield><subfield code="d">Columbus.</subfield></datafield><datafield ind1=" " ind2=" " tag="752"><subfield code="a">United States</subfield><subfield code="b">Kansas</subfield><subfield code="c">Cherokee</subfield><subfield code="d">Baxter Springs.</subfield></datafield><datafield ind1="0" ind2="0" tag="785"><subfield code="t">Cherokee County republican (Columbus, Kan.)</subfield><subfield code="w">(DLC)sn 83040598</subfield></datafield></record>